{"timestamp": 1766301556, "side": "BUY", "asset": "70510720720071515008177812855613446421589214773789418278246224035630139583585", "price": 0.57, "size": 20.0, "usdcSize": null, "txHash": "0xe3b8f7c0de6a06be6e947fb00d2a47df9fba67f9e00bc96e287720de0116e34b", "pos_up": 5770.455172, "pos_down": 5843.046275, "slug": "btc-updown-15m-1766301300", "conditionId": "0x4f563c18d100afd42f6a28d91ee7589e04fbce81c1de193ca17a4c2995da9ae5"}
{"timestamp": 1766301562, "side": "BUY", "asset": "1851172792954232555817302831786681355157085454862486234009009527513072196385", "price": 0.4, "size": 20.0, "usdcSize": null, "txHash": "0x77eb7ff5f0043776fe9602963f28c6ecc9508196f57f3a8b84cf8978d5463ec8", "pos_up": 5770.455172, "pos_down": 5863.046275, "slug": "btc-updown-15m-1766301300", "conditionId": "0x4f563c18d100afd42f6a28d91ee7589e04fbce81c1de193ca17a4c2995da9ae5"}
{"timestamp": 1766301568, "side": "BUY", "asset": "70510720720071515008177812855613446421589214773789418278246224035630139583585", "price": 0.61, "size": 20.0, "usdcSize": null, "txHash": "0x7fa852c037ce3875a38bd0318bf3ececccf6dc3f520dd597a23e6b224428ff5d", "pos_up": 5790.455172, "pos_down": 5863.046275, "slug": "btc-updown-15m-1766301300", "conditionId": "0x4f563c18d100afd42f6a28d91ee7589e04fbce81c1de193ca17a4c2995da9ae5"}
{"timestamp": 1766301592, "side": "BUY", "asset": "70510720720071515008177812855613446421589214773789418278246224035630139583585", "price": 0.63, "size": 20.0, "usdcSize": null, "txHash": "0x5ac63f828301c38cb9981e0a34d78d3101188d94a6b6d6c9610e76f783ca79ce", "pos_up": 5810.455172, "pos_down": 5863.046275, "slug": "btc-updown-15m-1766301300", "conditionId": "0x4f563c18d100afd42f6a28d91ee7589e04fbce81c1de193ca17a4c2995da9ae5"}
{"timestamp": 1766301606, "side": "BUY", "asset": "1851172792954232555817302831786681355157085454862486234009009527513072196385", "price": 0.38, "size": 20.0, "usdcSize": null, "txHash": "0x4b42cf82aa74e6a7d58b60ef9cc731240c2797bc995bbe09e1d66c7ac4544c7e", "pos_up": 5810.455172, "pos_down": 5883.046275, "slug": "btc-updown-15m-1766301300", "conditionId": "0x4f563c18d100afd42f6a28d91ee7589e04fbce81c1de193ca17a4c2995da9ae5"}
{"timestamp": 1766301606, "side": "BUY", "asset": "1851172792954232555817302831786681355157085454862486234009009527513072196385", "price": 0.39, "size": 9.0, "usdcSize": null, "txHash": "0x945f717a69e76eacbf1ce6a356eeb5d5e4acd5ac026fb3d32bd17f743da6b938", "pos_up": 5810.455172, "pos_down": 5892.046275, "slug": "btc-updown-15m-1766301300", "conditionId": "0x4f563c18d100afd42f6a28d91ee7589e04fbce81c1de193ca17a4c2995da9ae5"}
{"timestamp": 1766301606, "side": "BUY", "asset": "1851172792954232555817302831786681355157085454862486234009009527513072196385", "price": 0.38, "size": 5.0, "usdcSize": null, "txHash": "0xf69486752538e27383c02c145038df65a1e779f32c600c02b8d64aa3756f5e1d", "pos_up": 5810.455172, "pos_down": 5897.046275, "slug": "btc-updown-15m-1766301300", "conditionId": "0x4f563c18d100afd42f6a28d91ee7589e04fbce81c1de193ca17a4c2995da9ae5"}
{"timestamp": 1766301606, "side": "BUY", "asset": "1851172792954232555817302831786681355157085454862486234009009527513072196385", "price": 0.39, "size": 20.0, "usdcSize": null, "txHash": "0x4efd741b0bdb808b983da8befa75e3dc0655a2c7408a12a89194423f40725246", "pos_up": 5810.455172, "pos_down": 5917.046275, "slug": "btc-updown-15m-1766301300", "conditionId": "0x4f563c18d100afd42f6a28d91ee7589e04fbce81c1de193ca17a4c2995da9ae5"}
{"timestamp": 1766301606, "side": "BUY", "asset": "1851172792954232555817302831786681355157085454862486234009009527513072196385", "price": 0.37, "size": 20.0, "usdcSize": null, "txHash": "0xab166baf7474e6b86cf4d426ca2c79ed2a682e3a9e10532081e5dbebbe1f3c86", "pos_up": 5810.455172, "pos_down": 5937.046275, "slug": "btc-updown-15m-1766301300", "conditionId": "0x4f563c18d100afd42f6a28d91ee7589e04fbce81c1de193ca17a4c2995da9ae5"}
{"timestamp": 1766301608, "side": "BUY", "asset": "1851172792954232555817302831786681355157085454862486234009009527513072196385", "price": 0.49, "size": 20.0, "usdcSize": null, "txHash": "0x403026ce96d8181e5b4bc5f745389d4d393a4097a6d327068815f55c0fc45c63", "pos_up": 5810.455172, "pos_down": 5957.046275, "slug": "btc-updown-15m-1766301300", "conditionId": "0x4f563c18d100afd42f6a28d91ee7589e04fbce81c1de193ca17a4c2995da9ae5"}
{"timestamp": 1766301628, "side": "BUY", "asset": "70510720720071515008177812855613446421589214773789418278246224035630139583585", "price": 0.54, "size": 20.0, "usdcSize": null, "txHash": "0xc9ced9af09011e1a82a8cb528463cdd2e75a0984b9e5f7f171a212e3c40ab604", "pos_up": 5830.455172, "pos_down": 5957.046275, "slug": "btc-updown-15m-1766301300", "conditionId": "0x4f563c18d100afd42f6a28d91ee7589e04fbce81c1de193ca17a4c2995da9ae5"}
{"timestamp": 1766301628, "side": "BUY", "asset": "70510720720071515008177812855613446421589214773789418278246224035630139583585", "price": 0.54, "size": 5.0, "usdcSize": null, "txHash": "0xa4190c644bc97afce2d2417ec70557aa3c7e58387f3354747e8d79648e1c5d31", "pos_up": 5835.455172, "pos_down": 5957.046275, "slug": "btc-updown-15m-1766301300", "conditionId": "0x4f563c18d100afd42f6a28d91ee7589e04fbce81c1de193ca17a4c2995da9ae5"}
{"timestamp": 1766301628, "side": "BUY", "asset": "70510720720071515008177812855613446421589214773789418278246224035630139583585", "price": 0.54, "size": 20.0, "usdcSize": null, "txHash": "0x1bd6e249b655cf6f07d59d5db71507316fae0294c6bdb7a1f1f9c1e6a1ad6a68", "pos_up": 5855.455172, "pos_down": 5957.046275, "slug": "btc-updown-15m-1766301300", "conditionId": "0x4f563c18d100afd42f6a28d91ee7589e04fbce81c1de193ca17a4c2995da9ae5"}
{"timestamp": 1766301628, "side": "BUY", "asset": "70510720720071515008177812855613446421589214773789418278246224035630139583585", "price": 0.5375, "size": 20.0, "usdcSize": null, "txHash": "0x445fef5e43764f230785ce37a07e46a2f597fa983b1a796c6db4d11541d2a174", "pos_up": 5875.455172, "pos_down": 5957.046275, "slug": "btc-updown-15m-1766301300", "conditionId": "0x4f563c18d100afd42f6a28d91ee7589e04fbce81c1de193ca17a4c2995da9ae5"}
{"timestamp": 1766301628, "side": "BUY", "asset": "70510720720071515008177812855613446421589214773789418278246224035630139583585", "price": 0.54, "size": 5.0, "usdcSize": null, "txHash": "0xce634d4bd351537018d05c882bd8e9ad235db636e6b116ed0b34a2f5f56aba45", "pos_up": 5880.455172, "pos_down": 5957.046275, "slug": "btc-updown-15m-1766301300", "conditionId": "0x4f563c18d100afd42f6a28d91ee7589e04fbce81c1de193ca17a4c2995da9ae5"}
{"timestamp": 1766301628, "side": "BUY", "asset": "70510720720071515008177812855613446421589214773789418278246224035630139583585", "price": 0.55, "size": 20.0, "usdcSize": null, "txHash": "0x6ca80edeefb2a9ff146a41dcfe7dc6d270bf97ab1ff2ec11eb4f6680cedd3d81", "pos_up": 5900.455172, "pos_down": 5957.046275, "slug": "btc-updown-15m-1766301300", "conditionId": "0x4f563c18d100afd42f6a28d91ee7589e04fbce81c1de193ca17a4c2995da9ae5"}
{"timestamp": 1766301628, "side": "BUY", "asset": "70510720720071515008177812855613446421589214773789418278246224035630139583585", "price": 0.54, "size": 20.0, "usdcSize": null, "txHash": "0x865900566621bd624bb7b3c922fee94283a11e4cd31d701df5184f31ec8a9967", "pos_up": 5920.455172, "pos_down": 5957.046275, "slug": "btc-updown-15m-1766301300", "conditionId": "0x4f563c18d100afd42f6a28d91ee7589e04fbce81c1de193ca17a4c2995da9ae5"}
{"timestamp": 1766301628, "side": "BUY", "asset": "70510720720071515008177812855613446421589214773789418278246224035630139583585", "price": 0.54, "size": 20.0, "usdcSize": null, "txHash": "0x416d6a03e97525952caa1023a5145536b879cb10288e5a21bb2b2bfe78971756", "pos_up": 5940.455172, "pos_down": 5957.046275, "slug": "btc-updown-15m-1766301300", "conditionId": "0x4f563c18d100afd42f6a28d91ee7589e04fbce81c1de193ca17a4c2995da9ae5"}
{"timestamp": 1766301628, "side": "BUY", "asset": "70510720720071515008177812855613446421589214773789418278246224035630139583585", "price": 0.54, "size": 20.0, "usdcSize": null, "txHash": "0xae40f348911c5331956e83ce4534dc877f18b198ed661ea4417b1977087b9ff9", "pos_up": 5960.455172, "pos_down": 5957.046275, "slug": "btc-updown-15m-1766301300", "conditionId": "0x4f563c18d100afd42f6a28d91ee7589e04fbce81c1de193ca17a4c2995da9ae5"}
{"timestamp": 1766301634, "side": "BUY", "asset": "1851172792954232555817302831786681355157085454862486234009009527513072196385", "price": 0.46, "size": 3.82, "usdcSize": null, "txHash": "0xa622fa8b3926e379499116d09177da40a45b88fd66f863cd95b70215fb3a4f85", "pos_up": 5960.455172, "pos_down": 5960.866274999999, "slug": "btc-updown-15m-1766301300", "conditionId": "0x4f563c18d100afd42f6a28d91ee7589e04fbce81c1de193ca17a4c2995da9ae5"}
{"timestamp": 1766301636, "side": "BUY", "asset": "1851172792954232555817302831786681355157085454862486234009009527513072196385", "price": 0.47, "size": 20.0, "usdcSize": null, "txHash": "0xd9fea80470c1e5573150a38403eaccbf00fe2596953e0877e7d4286383079e4c", "pos_up": 5960.455172, "pos_down": 5980.866274999999, "slug": "btc-updown-15m-1766301300", "conditionId": "0x4f563c18d100afd42f6a28d91ee7589e04fbce81c1de193ca17a4c2995da9ae5"}
{"timestamp": 1766301656, "side": "BUY", "asset": "1851172792954232555817302831786681355157085454862486234009009527513072196385", "price": 0.47, "size": 20.0, "usdcSize": null, "txHash": "0x9df70dbefc3c4fedbb1898bb355876d78d1cfb53e57f1adee319e1938315a146", "pos_up": 5960.455172, "pos_down": 6000.866274999999, "slug": "btc-updown-15m-1766301300", "conditionId": "0x4f563c18d100afd42f6a28d91ee7589e04fbce81c1de193ca17a4c2995da9ae5"}
{"timestamp": 1766301656, "side": "BUY", "asset": "1851172792954232555817302831786681355157085454862486234009009527513072196385", "price": 0.47, "size": 20.0, "usdcSize": null, "txHash": "0xb14efc4097db848e015f64a385bbf10b13762b12131662fee208b7e4752f4cf3", "pos_up": 5960.455172, "pos_down": 6020.866274999999, "slug": "btc-updown-15m-1766301300", "conditionId": "0x4f563c18d100afd42f6a28d91ee7589e04fbce81c1de193ca17a4c2995da9ae5"}
{"timestamp": 1766301664, "side": "BUY", "asset": "70510720720071515008177812855613446421589214773789418278246224035630139583585", "price": 0.53, "size": 20.0, "usdcSize": null, "txHash": "0x6c2e32d47254444b8c1708956d085a09c33f286721937b5f3bd5937dba819028", "pos_up": 5980.455172, "pos_down": 6020.866274999999, "slug": "btc-updown-15m-1766301300", "conditionId": "0x4f563c18d100afd42f6a28d91ee7589e04fbce81c1de193ca17a4c2995da9ae5"}
{"timestamp": 1766301672, "side": "BUY", "asset": "1851172792954232555817302831786681355157085454862486234009009527513072196385", "price": 0.41, "size": 20.0, "usdcSize": null, "txHash": "0x963266c424a0f46e604501ed166d6e56022c0eb40ffde5d9a7dab86982016aa1", "pos_up": 5980.455172, "pos_down": 6040.866274999999, "slug": "btc-updown-15m-1766301300", "conditionId": "0x4f563c18d100afd42f6a28d91ee7589e04fbce81c1de193ca17a4c2995da9ae5"}
{"timestamp": 1766301672, "side": "BUY", "asset": "1851172792954232555817302831786681355157085454862486234009009527513072196385", "price": 0.41, "size": 20.0, "usdcSize": null, "txHash": "0x7c6386ec4169bc6596897d098703871ff046c5e711ec372f7f8998adcaac7515", "pos_up": 5980.455172, "pos_down": 6060.866274999999, "slug": "btc-updown-15m-1766301300", "conditionId": "0x4f563c18d100afd42f6a28d91ee7589e04fbce81c1de193ca17a4c2995da9ae5"}
{"timestamp": 1766301672, "side": "BUY", "asset": "1851172792954232555817302831786681355157085454862486234009009527513072196385", "price": 0.41, "size": 5.17, "usdcSize": null, "txHash": "0x146ede7a2d2f5f34257fc18d236b34e889ed904e6afda7fd0aed0ec0f4719238", "pos_up": 5980.455172, "pos_down": 6066.0362749999995, "slug": "btc-updown-15m-1766301300", "conditionId": "0x4f563c18d100afd42f6a28d91ee7589e04fbce81c1de193ca17a4c2995da9ae5"}
{"timestamp": 1766301674, "side": "BUY", "asset": "1851172792954232555817302831786681355157085454862486234009009527513072196385", "price": 0.42, "size": 20.0, "usdcSize": null, "txHash": "0x329454c52027f1327fbd985f5621078adb497ec1363d717dc2b2fe4118c7b52b", "pos_up": 5980.455172, "pos_down": 6086.0362749999995, "slug": "btc-updown-15m-1766301300", "conditionId": "0x4f563c18d100afd42f6a28d91ee7589e04fbce81c1de193ca17a4c2995da9ae5"}
{"timestamp": 1766301674, "side": "BUY", "asset": "1851172792954232555817302831786681355157085454862486234009009527513072196385", "price": 0.42, "size": 20.0, "usdcSize": null, "txHash": "0xad2d5698a87edfc377215748560e742cacf3fae98ecb1d1e1f5e178d4baf121f", "pos_up": 5980.455172, "pos_down": 6106.0362749999995, "slug": "btc-updown-15m-1766301300", "conditionId": "0x4f563c18d100afd42f6a28d91ee7589e04fbce81c1de193ca17a4c2995da9ae5"}
{"timestamp": 1766301674, "side": "BUY", "asset": "1851172792954232555817302831786681355157085454862486234009009527513072196385", "price": 0.42, "size": 5.0, "usdcSize": null, "txHash": "0x822f26bec76d8dc918011829a4b7b035f62f7c8b9f84865469af31bc0b63c582", "pos_up": 5980.455172, "pos_down": 6111.0362749999995, "slug": "btc-updown-15m-1766301300", "conditionId": "0x4f563c18d100afd42f6a28d91ee7589e04fbce81c1de193ca17a4c2995da9ae5"}
{"timestamp": 1766301674, "side": "BUY", "asset": "1851172792954232555817302831786681355157085454862486234009009527513072196385", "price": 0.42, "size": 20.0, "usdcSize": null, "txHash": "0x34a420757774d4ec22e0a3204adbc4e88d316f32bbbf2f2b98831f406521d116", "pos_up": 5980.455172, "pos_down": 6131.0362749999995, "slug": "btc-updown-15m-1766301300", "conditionId": "0x4f563c18d100afd42f6a28d91ee7589e04fbce81c1de193ca17a4c2995da9ae5"}
{"timestamp": 1766301674, "side": "BUY", "asset": "1851172792954232555817302831786681355157085454862486234009009527513072196385", "price": 0.42, "size": 20.0, "usdcSize": null, "txHash": "0xdf89f33e5b7232c6273ae4156ca31c06d379318bf62eecf9279d5a1d6e1966eb", "pos_up": 5980.455172, "pos_down": 6151.0362749999995, "slug": "btc-updown-15m-1766301300", "conditionId": "0x4f563c18d100afd42f6a28d91ee7589e04fbce81c1de193ca17a4c2995da9ae5"}
{"timestamp": 1766301674, "side": "BUY", "asset": "70510720720071515008177812855613446421589214773789418278246224035630139583585", "price": 0.55, "size": 20.0, "usdcSize": null, "txHash": "0x4372afe8ac1229eb4963ec94e25ddcf1ba72b91e910e482646f295e5723bbc2a", "pos_up": 6000.455172, "pos_down": 6151.0362749999995, "slug": "btc-updown-15m-1766301300", "conditionId": "0x4f563c18d100afd42f6a28d91ee7589e04fbce81c1de193ca17a4c2995da9ae5"}
{"timestamp": 1766301674, "side": "BUY", "asset": "1851172792954232555817302831786681355157085454862486234009009527513072196385", "price": 0.42, "size": 5.0, "usdcSize": null, "txHash": "0x92f0cb0addcba39acf822172d8f8980c607c5164ac068a147081681dfb322a8e", "pos_up": 6000.455172, "pos_down": 6156.0362749999995, "slug": "btc-updown-15m-1766301300", "conditionId": "0x4f563c18d100afd42f6a28d91ee7589e04fbce81c1de193ca17a4c2995da9ae5"}
{"timestamp": 1766301674, "side": "BUY", "asset": "1851172792954232555817302831786681355157085454862486234009009527513072196385", "price": 0.42, "size": 20.0, "usdcSize": null, "txHash": "0xaa7b5bea762b86fc4b900e6ad405d31c8651d42247e1c95b5f977a5a59eebb01", "pos_up": 6000.455172, "pos_down": 6176.0362749999995, "slug": "btc-updown-15m-1766301300", "conditionId": "0x4f563c18d100afd42f6a28d91ee7589e04fbce81c1de193ca17a4c2995da9ae5"}
{"timestamp": 1766301676, "side": "BUY", "asset": "70510720720071515008177812855613446421589214773789418278246224035630139583585", "price": 0.55, "size": 20.0, "usdcSize": null, "txHash": "0x78b51409fd7393f30db80e1afca77049bd5de09c899ffa6bb5e39108bb89dcd6", "pos_up": 6020.455172, "pos_down": 6176.0362749999995, "slug": "btc-updown-15m-1766301300", "conditionId": "0x4f563c18d100afd42f6a28d91ee7589e04fbce81c1de193ca17a4c2995da9ae5"}
{"timestamp": 1766301676, "side": "BUY", "asset": "70510720720071515008177812855613446421589214773789418278246224035630139583585", "price": 0.55, "size": 20.0, "usdcSize": null, "txHash": "0x63a5aec3b961a045b90327249bb553dbce7a326925116f01b30550b0c84f2afc", "pos_up": 6040.455172, "pos_down": 6176.0362749999995, "slug": "btc-updown-15m-1766301300", "conditionId": "0x4f563c18d100afd42f6a28d91ee7589e04fbce81c1de193ca17a4c2995da9ae5"}
{"timestamp": 1766301676, "side": "BUY", "asset": "70510720720071515008177812855613446421589214773789418278246224035630139583585", "price": 0.54, "size": 7.84, "usdcSize": null, "txHash": "0x16b404766ec7c56527006d9af2a4fcd7b21959d2aee4c01c98af9f3eb98c7a51", "pos_up": 6048.295172, "pos_down": 6176.0362749999995, "slug": "btc-updown-15m-1766301300", "conditionId": "0x4f563c18d100afd42f6a28d91ee7589e04fbce81c1de193ca17a4c2995da9ae5"}
{"timestamp": 1766301676, "side": "BUY", "asset": "70510720720071515008177812855613446421589214773789418278246224035630139583585", "price": 0.54, "size": 20.0, "usdcSize": null, "txHash": "0x1b922aa38c8aae838111e75d17dcf5eb5f364a0ceaeba9a12b2cccf1bbc5ae40", "pos_up": 6068.295172, "pos_down": 6176.0362749999995, "slug": "btc-updown-15m-1766301300", "conditionId": "0x4f563c18d100afd42f6a28d91ee7589e04fbce81c1de193ca17a4c2995da9ae5"}
{"timestamp": 1766301676, "side": "BUY", "asset": "70510720720071515008177812855613446421589214773789418278246224035630139583585", "price": 0.55, "size": 20.0, "usdcSize": null, "txHash": "0xef8a9fd313c5389af14e9909dab35bb6018cb7288287a9e0c4cf976377f460e6", "pos_up": 6088.295172, "pos_down": 6176.0362749999995, "slug": "btc-updown-15m-1766301300", "conditionId": "0x4f563c18d100afd42f6a28d91ee7589e04fbce81c1de193ca17a4c2995da9ae5"}
{"timestamp": 1766301676, "side": "BUY", "asset": "70510720720071515008177812855613446421589214773789418278246224035630139583585", "price": 0.54, "size": 20.0, "usdcSize": null, "txHash": "0x080f436019da8ea771ee2c38759a32b75ad90922909468f8d59467968787a593", "pos_up": 6108.295172, "pos_down": 6176.0362749999995, "slug": "btc-updown-15m-1766301300", "conditionId": "0x4f563c18d100afd42f6a28d91ee7589e04fbce81c1de193ca17a4c2995da9ae5"}
{"timestamp": 1766301686, "side": "BUY", "asset": "1851172792954232555817302831786681355157085454862486234009009527513072196385", "price": 0.45, "size": 20.0, "usdcSize": null, "txHash": "0x6ef11ca31a9b81f6f47830b20c36e46172cfc06eac9aded67010ad63cf102b58", "pos_up": 6108.295172, "pos_down": 6196.0362749999995, "slug": "btc-updown-15m-1766301300", "conditionId": "0x4f563c18d100afd42f6a28d91ee7589e04fbce81c1de193ca17a4c2995da9ae5"}
{"timestamp": 1766301686, "side": "BUY", "asset": "1851172792954232555817302831786681355157085454862486234009009527513072196385", "price": 0.45, "size": 20.0, "usdcSize": null, "txHash": "0xd56d6bdec64b463b9524633c5ebc7fdfd6b2af2ea8b16989980b7b3b75301b0a", "pos_up": 6108.295172, "pos_down": 6216.0362749999995, "slug": "btc-updown-15m-1766301300", "conditionId": "0x4f563c18d100afd42f6a28d91ee7589e04fbce81c1de193ca17a4c2995da9ae5"}
{"timestamp": 1766301688, "side": "BUY", "asset": "70510720720071515008177812855613446421589214773789418278246224035630139583585", "price": 0.56, "size": 20.0, "usdcSize": null, "txHash": "0x967f32c776c342dcd13f7b585452aa094088bdd1ab8624dff3bdf1f49871d04e", "pos_up": 6128.295172, "pos_down": 6216.0362749999995, "slug": "btc-updown-15m-1766301300", "conditionId": "0x4f563c18d100afd42f6a28d91ee7589e04fbce81c1de193ca17a4c2995da9ae5"}
{"timestamp": 1766301688, "side": "BUY", "asset": "70510720720071515008177812855613446421589214773789418278246224035630139583585", "price": 0.56, "size": 20.0, "usdcSize": null, "txHash": "0x437654b11d73adb0d338a5d4c652f01ee010b5819f5b01207c455a522d59df63", "pos_up": 6148.295172, "pos_down": 6216.0362749999995, "slug": "btc-updown-15m-1766301300", "conditionId": "0x4f563c18d100afd42f6a28d91ee7589e04fbce81c1de193ca17a4c2995da9ae5"}
{"timestamp": 1766301688, "side": "BUY", "asset": "1851172792954232555817302831786681355157085454862486234009009527513072196385", "price": 0.45, "size": 20.0, "usdcSize": null, "txHash": "0xb23e940a3c32edb563d68b530fff60e95c397b66e22b78b2766653b0c7109084", "pos_up": 6148.295172, "pos_down": 6236.0362749999995, "slug": "btc-updown-15m-1766301300", "conditionId": "0x4f563c18d100afd42f6a28d91ee7589e04fbce81c1de193ca17a4c2995da9ae5"}
{"timestamp": 1766301688, "side": "BUY", "asset": "70510720720071515008177812855613446421589214773789418278246224035630139583585", "price": 0.56, "size": 20.0, "usdcSize": null, "txHash": "0xb88e0e625155c9413b61e2e8f7539ee5b135893f0955a74efca9add49e9d5be6", "pos_up": 6168.295172, "pos_down": 6236.0362749999995, "slug": "btc-updown-15m-1766301300", "conditionId": "0x4f563c18d100afd42f6a28d91ee7589e04fbce81c1de193ca17a4c2995da9ae5"}
{"timestamp": 1766301688, "side": "BUY", "asset": "70510720720071515008177812855613446421589214773789418278246224035630139583585", "price": 0.56, "size": 20.0, "usdcSize": null, "txHash": "0xe05898328b98065d3deec8164d42c2a551773608b94f288fc4ecd76b02f8e04f", "pos_up": 6188.295172, "pos_down": 6236.0362749999995, "slug": "btc-updown-15m-1766301300", "conditionId": "0x4f563c18d100afd42f6a28d91ee7589e04fbce81c1de193ca17a4c2995da9ae5"}
{"timestamp": 1766301700, "side": "BUY", "asset": "70510720720071515008177812855613446421589214773789418278246224035630139583585", "price": 0.56, "size": 20.0, "usdcSize": null, "txHash": "0x0534cdef32cf653a42e873a44a3434d280ffcde4b5c5221461388fd095111dfd", "pos_up": 6208.295172, "pos_down": 6236.0362749999995, "slug": "btc-updown-15m-1766301300", "conditionId": "0x4f563c18d100afd42f6a28d91ee7589e04fbce81c1de193ca17a4c2995da9ae5"}
{"timestamp": 1766301700, "side": "BUY", "asset": "70510720720071515008177812855613446421589214773789418278246224035630139583585", "price": 0.55, "size": 12.0, "usdcSize": null, "txHash": "0xbdfc946494bbf2b0dcd37b20df3bbbee56446ef50d21e253f0a3e8471f9574e0", "pos_up": 6220.295172, "pos_down": 6236.0362749999995, "slug": "btc-updown-15m-1766301300", "conditionId": "0x4f563c18d100afd42f6a28d91ee7589e04fbce81c1de193ca17a4c2995da9ae5"}
{"timestamp": 1766301702, "side": "BUY", "asset": "70510720720071515008177812855613446421589214773789418278246224035630139583585", "price": 0.56, "size": 11.0, "usdcSize": null, "txHash": "0x065ffded41f2b484045fa2677463c0053289c70a0c04ae012c38109a3cc83524", "pos_up": 6231.295172, "pos_down": 6236.0362749999995, "slug": "btc-updown-15m-1766301300", "conditionId": "0x4f563c18d100afd42f6a28d91ee7589e04fbce81c1de193ca17a4c2995da9ae5"}
{"timestamp": 1766301704, "side": "BUY", "asset": "70510720720071515008177812855613446421589214773789418278246224035630139583585", "price": 0.56, "size": 20.0, "usdcSize": null, "txHash": "0xfe2c1ed03b4d63a685888af1c2d2ddaf7f140f7c5f717c5518c21d8891d34e49", "pos_up": 6251.295172, "pos_down": 6236.0362749999995, "slug": "btc-updown-15m-1766301300", "conditionId": "0x4f563c18d100afd42f6a28d91ee7589e04fbce81c1de193ca17a4c2995da9ae5"}
{"timestamp": 1766301708, "side": "BUY", "asset": "1851172792954232555817302831786681355157085454862486234009009527513072196385", "price": 0.45, "size": 12.82, "usdcSize": null, "txHash": "0x0c31508f1a5d510f48da1f185b766fe9974e75ffa3dd3478f70dd21f4985aab8", "pos_up": 6251.295172, "pos_down": 6248.856274999999, "slug": "btc-updown-15m-1766301300", "conditionId": "0x4f563c18d100afd42f6a28d91ee7589e04fbce81c1de193ca17a4c2995da9ae5"}
{"timestamp": 1766301708, "side": "BUY", "asset": "1851172792954232555817302831786681355157085454862486234009009527513072196385", "price": 0.45, "size": 20.0, "usdcSize": null, "txHash": "0x37f5c6c57d8c1acda7ff23dd80026432c5d14d7394a0cafd69c79939bb7492d6", "pos_up": 6251.295172, "pos_down": 6268.856274999999, "slug": "btc-updown-15m-1766301300", "conditionId": "0x4f563c18d100afd42f6a28d91ee7589e04fbce81c1de193ca17a4c2995da9ae5"}
{"timestamp": 1766301708, "side": "BUY", "asset": "1851172792954232555817302831786681355157085454862486234009009527513072196385", "price": 0.45, "size": 20.0, "usdcSize": null, "txHash": "0x2a23b392062a2db50a7f7a6852cea8bcde2616923c2913379b72be8b2202852a", "pos_up": 6251.295172, "pos_down": 6288.856274999999, "slug": "btc-updown-15m-1766301300", "conditionId": "0x4f563c18d100afd42f6a28d91ee7589e04fbce81c1de193ca17a4c2995da9ae5"}
{"timestamp": 1766301708, "side": "BUY", "asset": "1851172792954232555817302831786681355157085454862486234009009527513072196385", "price": 0.45, "size": 20.0, "usdcSize": null, "txHash": "0x8f10096f49f5b89b1b6ba17be05bbafb62b55cc102d8254968ae44bf76f8a2bd", "pos_up": 6251.295172, "pos_down": 6308.856274999999, "slug": "btc-updown-15m-1766301300", "conditionId": "0x4f563c18d100afd42f6a28d91ee7589e04fbce81c1de193ca17a4c2995da9ae5"}
{"timestamp": 1766301708, "side": "BUY", "asset": "1851172792954232555817302831786681355157085454862486234009009527513072196385", "price": 0.45, "size": 20.0, "usdcSize": null, "txHash": "0x43df2dbffcaaaadc43fc42430585194f764e7ae880276dc21886c95b797c33d5", "pos_up": 6251.295172, "pos_down": 6328.856274999999, "slug": "btc-updown-15m-1766301300", "conditionId": "0x4f563c18d100afd42f6a28d91ee7589e04fbce81c1de193ca17a4c2995da9ae5"}
{"timestamp": 1766301708, "side": "BUY", "asset": "1851172792954232555817302831786681355157085454862486234009009527513072196385", "price": 0.45, "size": 20.0, "usdcSize": null, "txHash": "0x4fb37739720b61ef23bba251fbf8e73ea88b0547b572fa4ac86a417aaa48c81b", "pos_up": 6251.295172, "pos_down": 6348.856274999999, "slug": "btc-updown-15m-1766301300", "conditionId": "0x4f563c18d100afd42f6a28d91ee7589e04fbce81c1de193ca17a4c2995da9ae5"}
{"timestamp": 1766301710, "side": "BUY", "asset": "70510720720071515008177812855613446421589214773789418278246224035630139583585", "price": 0.55, "size": 20.0, "usdcSize": null, "txHash": "0x5bef7c184873afd46f1b9bbc197eb567fae64bed39954ee5ac2d30067a278fe0", "pos_up": 6271.295172, "pos_down": 6348.856274999999, "slug": "btc-updown-15m-1766301300", "conditionId": "0x4f563c18d100afd42f6a28d91ee7589e04fbce81c1de193ca17a4c2995da9ae5"}
{"timestamp": 1766301710, "side": "BUY", "asset": "70510720720071515008177812855613446421589214773789418278246224035630139583585", "price": 0.55, "size": 20.0, "usdcSize": null, "txHash": "0xa0b3fbcd1bce0a5b53fe5a20860f438847c93766d79ab089c29bda0076e47ff5", "pos_up": 6291.295172, "pos_down": 6348.856274999999, "slug": "btc-updown-15m-1766301300", "conditionId": "0x4f563c18d100afd42f6a28d91ee7589e04fbce81c1de193ca17a4c2995da9ae5"}
{"timestamp": 1766301712, "side": "BUY", "asset": "70510720720071515008177812855613446421589214773789418278246224035630139583585", "price": 0.59, "size": 5.0, "usdcSize": null, "txHash": "0x6e60cfdd2f2b74d3bc8c5652022a3e10afe0d3accb4d84124bf067235aedfa51", "pos_up": 6296.295172, "pos_down": 6348.856274999999, "slug": "btc-updown-15m-1766301300", "conditionId": "0x4f563c18d100afd42f6a28d91ee7589e04fbce81c1de193ca17a4c2995da9ae5"}
{"timestamp": 1766301712, "side": "BUY", "asset": "70510720720071515008177812855613446421589214773789418278246224035630139583585", "price": 0.59, "size": 5.0, "usdcSize": null, "txHash": "0x0d57167548cb8b2f7022085e0ac4037ac0acc89901302686b94e944187b878ab", "pos_up": 6301.295172, "pos_down": 6348.856274999999, "slug": "btc-updown-15m-1766301300", "conditionId": "0x4f563c18d100afd42f6a28d91ee7589e04fbce81c1de193ca17a4c2995da9ae5"}
{"timestamp": 1766301712, "side": "BUY", "asset": "70510720720071515008177812855613446421589214773789418278246224035630139583585", "price": 0.59, "size": 20.0, "usdcSize": null, "txHash": "0x4400d9f90c756cabe1d3fbd82380c3022e19b90728a524db312dd25e34ea709b", "pos_up": 6321.295172, "pos_down": 6348.856274999999, "slug": "btc-updown-15m-1766301300", "conditionId": "0x4f563c18d100afd42f6a28d91ee7589e04fbce81c1de193ca17a4c2995da9ae5"}
{"timestamp": 1766301712, "side": "BUY", "asset": "70510720720071515008177812855613446421589214773789418278246224035630139583585", "price": 0.6, "size": 20.0, "usdcSize": null, "txHash": "0xa47e8998e11232014a9ec6edf1a0cfa7fad3e75bf7f73c116cf842a2d6def240", "pos_up": 6341.295172, "pos_down": 6348.856274999999, "slug": "btc-updown-15m-1766301300", "conditionId": "0x4f563c18d100afd42f6a28d91ee7589e04fbce81c1de193ca17a4c2995da9ae5"}
{"timestamp": 1766301712, "side": "BUY", "asset": "70510720720071515008177812855613446421589214773789418278246224035630139583585", "price": 0.6, "size": 20.0, "usdcSize": null, "txHash": "0x3728e636d4fe3e9673e253af51edd8e3b510c2c7316a8d0a3b7146c2fbf7c40c", "pos_up": 6361.295172, "pos_down": 6348.856274999999, "slug": "btc-updown-15m-1766301300", "conditionId": "0x4f563c18d100afd42f6a28d91ee7589e04fbce81c1de193ca17a4c2995da9ae5"}
{"timestamp": 1766301712, "side": "BUY", "asset": "70510720720071515008177812855613446421589214773789418278246224035630139583585", "price": 0.6, "size": 20.0, "usdcSize": null, "txHash": "0xcf27972369cb9fe500a2742a168fdbaf242ec9b64c6f7fb3614dfe11763c6d65", "pos_up": 6381.295172, "pos_down": 6348.856274999999, "slug": "btc-updown-15m-1766301300", "conditionId": "0x4f563c18d100afd42f6a28d91ee7589e04fbce81c1de193ca17a4c2995da9ae5"}
{"timestamp": 1766301718, "side": "BUY", "asset": "1851172792954232555817302831786681355157085454862486234009009527513072196385", "price": 0.41, "size": 17.75, "usdcSize": null, "txHash": "0xed74ba57e7123b9fce383b968898137352e8be913505ee6988dd204d245ec886", "pos_up": 6381.295172, "pos_down": 6366.606274999999, "slug": "btc-updown-15m-1766301300", "conditionId": "0x4f563c18d100afd42f6a28d91ee7589e04fbce81c1de193ca17a4c2995da9ae5"}
{"timestamp": 1766301718, "side": "BUY", "asset": "1851172792954232555817302831786681355157085454862486234009009527513072196385", "price": 0.42, "size": 20.0, "usdcSize": null, "txHash": "0x54ee46eb58d8230b5c783533f6f402045bcd314482a78ed68ba6b7b0bc21c12e", "pos_up": 6381.295172, "pos_down": 6386.606274999999, "slug": "btc-updown-15m-1766301300", "conditionId": "0x4f563c18d100afd42f6a28d91ee7589e04fbce81c1de193ca17a4c2995da9ae5"}
{"timestamp": 1766301718, "side": "BUY", "asset": "1851172792954232555817302831786681355157085454862486234009009527513072196385", "price": 0.41, "size": 5.0, "usdcSize": null, "txHash": "0xc3b36bfd53ab7989e8613eb0dfaab2c94351cec623c916c18446e42dc0d1edbb", "pos_up": 6381.295172, "pos_down": 6391.606274999999, "slug": "btc-updown-15m-1766301300", "conditionId": "0x4f563c18d100afd42f6a28d91ee7589e04fbce81c1de193ca17a4c2995da9ae5"}
{"timestamp": 1766301726, "side": "BUY", "asset": "1851172792954232555817302831786681355157085454862486234009009527513072196385", "price": 0.43, "size": 5.0, "usdcSize": null, "txHash": "0xff83415bcb514f3fdce75fefbdaffb8c696da6c32216de721a0f0e9cf5c285da", "pos_up": 6381.295172, "pos_down": 6396.606274999999, "slug": "btc-updown-15m-1766301300", "conditionId": "0x4f563c18d100afd42f6a28d91ee7589e04fbce81c1de193ca17a4c2995da9ae5"}
{"timestamp": 1766301726, "side": "BUY", "asset": "1851172792954232555817302831786681355157085454862486234009009527513072196385", "price": 0.42, "size": 5.0, "usdcSize": null, "txHash": "0xaedc2485faca8af4c05237d43d26d316743e299e08ac20a90af3889fe490b796", "pos_up": 6381.295172, "pos_down": 6401.606274999999, "slug": "btc-updown-15m-1766301300", "conditionId": "0x4f563c18d100afd42f6a28d91ee7589e04fbce81c1de193ca17a4c2995da9ae5"}
{"timestamp": 1766301734, "side": "BUY", "asset": "70510720720071515008177812855613446421589214773789418278246224035630139583585", "price": 0.6, "size": 3.2, "usdcSize": null, "txHash": "0xe5d5597c9a3cb4c71a2b0ee67c1ed9d59d09e0ee2f6d04c48a8222ed7527cb31", "pos_up": 6384.495172, "pos_down": 6401.606274999999, "slug": "btc-updown-15m-1766301300", "conditionId": "0x4f563c18d100afd42f6a28d91ee7589e04fbce81c1de193ca17a4c2995da9ae5"}
{"timestamp": 1766301742, "side": "BUY", "asset": "1851172792954232555817302831786681355157085454862486234009009527513072196385", "price": 0.39, "size": 19.0, "usdcSize": null, "txHash": "0x744b62d1b7a1d8df4f9da4b0dfdb519e8e9f202052edd00c403df6eabc45a65c", "pos_up": 6384.495172, "pos_down": 6420.606274999999, "slug": "btc-updown-15m-1766301300", "conditionId": "0x4f563c18d100afd42f6a28d91ee7589e04fbce81c1de193ca17a4c2995da9ae5"}
{"timestamp": 1766301742, "side": "BUY", "asset": "1851172792954232555817302831786681355157085454862486234009009527513072196385", "price": 0.39, "size": 19.0, "usdcSize": null, "txHash": "0x826c45983e66abc286c6c7e99a622da61e52fad0465b742e2c87ac6cc7067891", "pos_up": 6384.495172, "pos_down": 6439.606274999999, "slug": "btc-updown-15m-1766301300", "conditionId": "0x4f563c18d100afd42f6a28d91ee7589e04fbce81c1de193ca17a4c2995da9ae5"}
{"timestamp": 1766301742, "side": "BUY", "asset": "1851172792954232555817302831786681355157085454862486234009009527513072196385", "price": 0.39, "size": 19.0, "usdcSize": null, "txHash": "0x54b4eb1a087df80f9045486bc6a8099b75f1a718fe664c27b18163e6e739bff7", "pos_up": 6384.495172, "pos_down": 6458.606274999999, "slug": "btc-updown-15m-1766301300", "conditionId": "0x4f563c18d100afd42f6a28d91ee7589e04fbce81c1de193ca17a4c2995da9ae5"}
{"timestamp": 1766301742, "side": "BUY", "asset": "1851172792954232555817302831786681355157085454862486234009009527513072196385", "price": 0.39, "size": 19.0, "usdcSize": null, "txHash": "0xc73d98ac6ee1209cd14f8811f7c6379c1c1671ffd73bdb4b77b7c792147376b4", "pos_up": 6384.495172, "pos_down": 6477.606274999999, "slug": "btc-updown-15m-1766301300", "conditionId": "0x4f563c18d100afd42f6a28d91ee7589e04fbce81c1de193ca17a4c2995da9ae5"}
{"timestamp": 1766301742, "side": "BUY", "asset": "1851172792954232555817302831786681355157085454862486234009009527513072196385", "price": 0.39, "size": 19.0, "usdcSize": null, "txHash": "0x2bd3a49e063cddc416998a7fabff4963a09cf1da68a7df9e5e5e38ffefcd5089", "pos_up": 6384.495172, "pos_down": 6496.606274999999, "slug": "btc-updown-15m-1766301300", "conditionId": "0x4f563c18d100afd42f6a28d91ee7589e04fbce81c1de193ca17a4c2995da9ae5"}
{"timestamp": 1766301742, "side": "BUY", "asset": "1851172792954232555817302831786681355157085454862486234009009527513072196385", "price": 0.39, "size": 19.0, "usdcSize": null, "txHash": "0x5a37ed0849acf3cce6fc4b4f337d728659ad97ca842db01b9c7e1a40b1be45bd", "pos_up": 6384.495172, "pos_down": 6515.606274999999, "slug": "btc-updown-15m-1766301300", "conditionId": "0x4f563c18d100afd42f6a28d91ee7589e04fbce81c1de193ca17a4c2995da9ae5"}
{"timestamp": 1766301746, "side": "BUY", "asset": "1851172792954232555817302831786681355157085454862486234009009527513072196385", "price": 0.38, "size": 19.0, "usdcSize": null, "txHash": "0x6944706a36b2062e73c01ee165b178fcb1c5db39547b753fddf6bb884934e90d", "pos_up": 6384.495172, "pos_down": 6534.606274999999, "slug": "btc-updown-15m-1766301300", "conditionId": "0x4f563c18d100afd42f6a28d91ee7589e04fbce81c1de193ca17a4c2995da9ae5"}
{"timestamp": 1766301756, "side": "BUY", "asset": "1851172792954232555817302831786681355157085454862486234009009527513072196385", "price": 0.36, "size": 19.0, "usdcSize": null, "txHash": "0x8ad992eaf5ac1b3ec4894b3819a61a013959032d4a9ebddeab580b6122df2ede", "pos_up": 6384.495172, "pos_down": 6553.606274999999, "slug": "btc-updown-15m-1766301300", "conditionId": "0x4f563c18d100afd42f6a28d91ee7589e04fbce81c1de193ca17a4c2995da9ae5"}
{"timestamp": 1766301756, "side": "BUY", "asset": "1851172792954232555817302831786681355157085454862486234009009527513072196385", "price": 0.36, "size": 19.0, "usdcSize": null, "txHash": "0x41fd627c14475ecd35938f92f88087feb3a3e768332b5596277c3ed77e5b110f", "pos_up": 6384.495172, "pos_down": 6572.606274999999, "slug": "btc-updown-15m-1766301300", "conditionId": "0x4f563c18d100afd42f6a28d91ee7589e04fbce81c1de193ca17a4c2995da9ae5"}
{"timestamp": 1766301756, "side": "BUY", "asset": "1851172792954232555817302831786681355157085454862486234009009527513072196385", "price": 0.36, "size": 19.0, "usdcSize": null, "txHash": "0x7e6a2f34c385fca100058d394bd424fd3cec41dfcfa8ddf66308d8583912e9f4", "pos_up": 6384.495172, "pos_down": 6591.606274999999, "slug": "btc-updown-15m-1766301300", "conditionId": "0x4f563c18d100afd42f6a28d91ee7589e04fbce81c1de193ca17a4c2995da9ae5"}
{"timestamp": 1766301756, "side": "BUY", "asset": "1851172792954232555817302831786681355157085454862486234009009527513072196385", "price": 0.36, "size": 19.0, "usdcSize": null, "txHash": "0x5c8acf0097c58f98522291088acab8d4e5b09bfc13b337a5e0adad1e589aac27", "pos_up": 6384.495172, "pos_down": 6610.606274999999, "slug": "btc-updown-15m-1766301300", "conditionId": "0x4f563c18d100afd42f6a28d91ee7589e04fbce81c1de193ca17a4c2995da9ae5"}
{"timestamp": 1766301758, "side": "BUY", "asset": "70510720720071515008177812855613446421589214773789418278246224035630139583585", "price": 0.73, "size": 19.0, "usdcSize": null, "txHash": "0x3e13d978b6be0853413365570f80223ea4666b618f0913a3e52623ca42615bf9", "pos_up": 6403.495172, "pos_down": 6610.606274999999, "slug": "btc-updown-15m-1766301300", "conditionId": "0x4f563c18d100afd42f6a28d91ee7589e04fbce81c1de193ca17a4c2995da9ae5"}
{"timestamp": 1766301758, "side": "BUY", "asset": "70510720720071515008177812855613446421589214773789418278246224035630139583585", "price": 0.74, "size": 19.0, "usdcSize": null, "txHash": "0x973ce76c136c5916bd696f383ff09d61c6d5035c6c0ac6928e9330e703a0fcd7", "pos_up": 6422.495172, "pos_down": 6610.606274999999, "slug": "btc-updown-15m-1766301300", "conditionId": "0x4f563c18d100afd42f6a28d91ee7589e04fbce81c1de193ca17a4c2995da9ae5"}
{"timestamp": 1766301758, "side": "BUY", "asset": "70510720720071515008177812855613446421589214773789418278246224035630139583585", "price": 0.7368421052631579, "size": 19.0, "usdcSize": null, "txHash": "0xcbfde308733828fe28c53c50f982e9fb644895f9311913b4e92c7e0c9a862d5e", "pos_up": 6441.495172, "pos_down": 6610.606274999999, "slug": "btc-updown-15m-1766301300", "conditionId": "0x4f563c18d100afd42f6a28d91ee7589e04fbce81c1de193ca17a4c2995da9ae5"}
{"timestamp": 1766301760, "side": "BUY", "asset": "1851172792954232555817302831786681355157085454862486234009009527513072196385", "price": 0.25, "size": 19.0, "usdcSize": null, "txHash": "0x1127fdd39a30a5aebdf61f1917c3a3749f818c9ce48643fc335c24adc7c87186", "pos_up": 6441.495172, "pos_down": 6629.606274999999, "slug": "btc-updown-15m-1766301300", "conditionId": "0x4f563c18d100afd42f6a28d91ee7589e04fbce81c1de193ca17a4c2995da9ae5"}
{"timestamp": 1766301760, "side": "BUY", "asset": "1851172792954232555817302831786681355157085454862486234009009527513072196385", "price": 0.25, "size": 5.0, "usdcSize": null, "txHash": "0x1959b3de24c599a84b0506c9649210beb6a3f16d4c19b613c76de6f8b2ea19f3", "pos_up": 6441.495172, "pos_down": 6634.606274999999, "slug": "btc-updown-15m-1766301300", "conditionId": "0x4f563c18d100afd42f6a28d91ee7589e04fbce81c1de193ca17a4c2995da9ae5"}
{"timestamp": 1766301760, "side": "BUY", "asset": "1851172792954232555817302831786681355157085454862486234009009527513072196385", "price": 0.25, "size": 19.0, "usdcSize": null, "txHash": "0xeb6e571f67584646496e347289cfef4a6f47204a8c6c63eff94775dfee551b10", "pos_up": 6441.495172, "pos_down": 6653.606274999999, "slug": "btc-updown-15m-1766301300", "conditionId": "0x4f563c18d100afd42f6a28d91ee7589e04fbce81c1de193ca17a4c2995da9ae5"}
{"timestamp": 1766301760, "side": "BUY", "asset": "1851172792954232555817302831786681355157085454862486234009009527513072196385", "price": 0.25, "size": 19.0, "usdcSize": null, "txHash": "0x89309d69a067c6cc3f5228d0f7c83c906f3a3a525614ffb320a6b745a6a60b58", "pos_up": 6441.495172, "pos_down": 6672.606274999999, "slug": "btc-updown-15m-1766301300", "conditionId": "0x4f563c18d100afd42f6a28d91ee7589e04fbce81c1de193ca17a4c2995da9ae5"}
{"timestamp": 1766301766, "side": "BUY", "asset": "70510720720071515008177812855613446421589214773789418278246224035630139583585", "price": 0.76, "size": 19.0, "usdcSize": null, "txHash": "0xf844bb9986cbd896672dcb97f256ccc5f4c2e67a007d30bc297d825610261e73", "pos_up": 6460.495172, "pos_down": 6672.606274999999, "slug": "btc-updown-15m-1766301300", "conditionId": "0x4f563c18d100afd42f6a28d91ee7589e04fbce81c1de193ca17a4c2995da9ae5"}
{"timestamp": 1766301774, "side": "BUY", "asset": "70510720720071515008177812855613446421589214773789418278246224035630139583585", "price": 0.8, "size": 5.0, "usdcSize": null, "txHash": "0x9253cf10e59b61382a9a34fb4db074985859f538931e6e121217a05b4bb0924d", "pos_up": 6465.495172, "pos_down": 6672.606274999999, "slug": "btc-updown-15m-1766301300", "conditionId": "0x4f563c18d100afd42f6a28d91ee7589e04fbce81c1de193ca17a4c2995da9ae5"}
{"timestamp": 1766301774, "side": "BUY", "asset": "70510720720071515008177812855613446421589214773789418278246224035630139583585", "price": 0.83, "size": 19.0, "usdcSize": null, "txHash": "0xeec9bed5e483744dec906b8839e234569218290f4955df05640044fe9f62495d", "pos_up": 6484.495172, "pos_down": 6672.606274999999, "slug": "btc-updown-15m-1766301300", "conditionId": "0x4f563c18d100afd42f6a28d91ee7589e04fbce81c1de193ca17a4c2995da9ae5"}
{"timestamp": 1766301774, "side": "BUY", "asset": "70510720720071515008177812855613446421589214773789418278246224035630139583585", "price": 0.82, "size": 5.0, "usdcSize": null, "txHash": "0x490312d99c348c327e9f5ce7babbee90c2aebfd01beecd14a5ea8ee3528dad4a", "pos_up": 6489.495172, "pos_down": 6672.606274999999, "slug": "btc-updown-15m-1766301300", "conditionId": "0x4f563c18d100afd42f6a28d91ee7589e04fbce81c1de193ca17a4c2995da9ae5"}
{"timestamp": 1766301774, "side": "BUY", "asset": "70510720720071515008177812855613446421589214773789418278246224035630139583585", "price": 0.83, "size": 19.0, "usdcSize": null, "txHash": "0xa354cd20f460d32ae03a32fa5161d978c842870f698f3e4a930d5cbcadf7b67d", "pos_up": 6508.495172, "pos_down": 6672.606274999999, "slug": "btc-updown-15m-1766301300", "conditionId": "0x4f563c18d100afd42f6a28d91ee7589e04fbce81c1de193ca17a4c2995da9ae5"}
{"timestamp": 1766301774, "side": "BUY", "asset": "70510720720071515008177812855613446421589214773789418278246224035630139583585", "price": 0.822, "size": 19.0, "usdcSize": null, "txHash": "0xcfdccc6a6b09fbbbbb5a2c2576ff237ab4a6a8b6699a06b166f0eafa805a96a0", "pos_up": 6527.495172, "pos_down": 6672.606274999999, "slug": "btc-updown-15m-1766301300", "conditionId": "0x4f563c18d100afd42f6a28d91ee7589e04fbce81c1de193ca17a4c2995da9ae5"}
{"timestamp": 1766301774, "side": "BUY", "asset": "70510720720071515008177812855613446421589214773789418278246224035630139583585", "price": 0.830421052631579, "size": 19.0, "usdcSize": null, "txHash": "0x59e187e71084a07693718bb3a8ab7895cea43afddae7fa7c27f8781a7aed592c", "pos_up": 6546.495172, "pos_down": 6672.606274999999, "slug": "btc-updown-15m-1766301300", "conditionId": "0x4f563c18d100afd42f6a28d91ee7589e04fbce81c1de193ca17a4c2995da9ae5"}
{"timestamp": 1766301774, "side": "BUY", "asset": "70510720720071515008177812855613446421589214773789418278246224035630139583585", "price": 0.82, "size": 19.0, "usdcSize": null, "txHash": "0xb2e78d7de06c16a49344e4fef83dd58977baa6e844422ac4d118132789e0c0b2", "pos_up": 6565.495172, "pos_down": 6672.606274999999, "slug": "btc-updown-15m-1766301300", "conditionId": "0x4f563c18d100afd42f6a28d91ee7589e04fbce81c1de193ca17a4c2995da9ae5"}
{"timestamp": 1766301774, "side": "BUY", "asset": "70510720720071515008177812855613446421589214773789418278246224035630139583585", "price": 0.8126315789473684, "size": 19.0, "usdcSize": null, "txHash": "0x61556d9f3816a77f46aa077bfc3fe74370f30ee806f20daef27eb5e7156a8879", "pos_up": 6584.495172, "pos_down": 6672.606274999999, "slug": "btc-updown-15m-1766301300", "conditionId": "0x4f563c18d100afd42f6a28d91ee7589e04fbce81c1de193ca17a4c2995da9ae5"}
{"timestamp": 1766301774, "side": "BUY", "asset": "70510720720071515008177812855613446421589214773789418278246224035630139583585", "price": 0.84, "size": 19.0, "usdcSize": null, "txHash": "0x022409f5e53ac503cda15ed6f3de3466ff4cb5641dfce98639ddc25c683ea67f", "pos_up": 6603.495172, "pos_down": 6672.606274999999, "slug": "btc-updown-15m-1766301300", "conditionId": "0x4f563c18d100afd42f6a28d91ee7589e04fbce81c1de193ca17a4c2995da9ae5"}
{"timestamp": 1766301776, "side": "BUY", "asset": "1851172792954232555817302831786681355157085454862486234009009527513072196385", "price": 0.16, "size": 19.0, "usdcSize": null, "txHash": "0x0feb194608256cf0f79ffd259538d1e3b745b3dd18b3c8b45f77dfc303ee3046", "pos_up": 6603.495172, "pos_down": 6691.606274999999, "slug": "btc-updown-15m-1766301300", "conditionId": "0x4f563c18d100afd42f6a28d91ee7589e04fbce81c1de193ca17a4c2995da9ae5"}
{"timestamp": 1766301784, "side": "BUY", "asset": "1851172792954232555817302831786681355157085454862486234009009527513072196385", "price": 0.17, "size": 19.0, "usdcSize": null, "txHash": "0x0a9c4ed1ad032cb95a41d99c26ee93bec4e6f3e7622bf27c70e3689bd06d20e6", "pos_up": 6603.495172, "pos_down": 6710.606274999999, "slug": "btc-updown-15m-1766301300", "conditionId": "0x4f563c18d100afd42f6a28d91ee7589e04fbce81c1de193ca17a4c2995da9ae5"}
{"timestamp": 1766301792, "side": "BUY", "asset": "70510720720071515008177812855613446421589214773789418278246224035630139583585", "price": 0.83, "size": 19.0, "usdcSize": null, "txHash": "0x821fa8e7ecac992f9b3a0be43a33160c309ff2b748d0f45cad7e16651c904235", "pos_up": 6622.495172, "pos_down": 6710.606274999999, "slug": "btc-updown-15m-1766301300", "conditionId": "0x4f563c18d100afd42f6a28d91ee7589e04fbce81c1de193ca17a4c2995da9ae5"}
{"timestamp": 1766301792, "side": "BUY", "asset": "70510720720071515008177812855613446421589214773789418278246224035630139583585", "price": 0.83, "size": 5.0, "usdcSize": null, "txHash": "0x61f121b6131c54cfdfaf368143df0611cb4bd89a145283afc4f5e2bfbb07aca6", "pos_up": 6627.495172, "pos_down": 6710.606274999999, "slug": "btc-updown-15m-1766301300", "conditionId": "0x4f563c18d100afd42f6a28d91ee7589e04fbce81c1de193ca17a4c2995da9ae5"}
{"timestamp": 1766301794, "side": "BUY", "asset": "70510720720071515008177812855613446421589214773789418278246224035630139583585", "price": 0.83, "size": 5.0, "usdcSize": null, "txHash": "0x1590fd7e655d96e62c14133291849fe51e85bc28e68bc29d9896a8a7ff7ba1ae", "pos_up": 6632.495172, "pos_down": 6710.606274999999, "slug": "btc-updown-15m-1766301300", "conditionId": "0x4f563c18d100afd42f6a28d91ee7589e04fbce81c1de193ca17a4c2995da9ae5"}
{"timestamp": 1766301816, "side": "BUY", "asset": "1851172792954232555817302831786681355157085454862486234009009527513072196385", "price": 0.2, "size": 5.0, "usdcSize": null, "txHash": "0xb8f5d125dba8a0281f153f9d1add73eaa3b3dbabdb63a0723e739e863341884e", "pos_up": 6632.495172, "pos_down": 6715.606274999999, "slug": "btc-updown-15m-1766301300", "conditionId": "0x4f563c18d100afd42f6a28d91ee7589e04fbce81c1de193ca17a4c2995da9ae5"}
{"timestamp": 1766301816, "side": "BUY", "asset": "1851172792954232555817302831786681355157085454862486234009009527513072196385", "price": 0.2, "size": 5.0, "usdcSize": null, "txHash": "0x5b1e830acb0596c046d433e43d54f1d4111029bac7ba013e031530f2f0de2aa4", "pos_up": 6632.495172, "pos_down": 6720.606274999999, "slug": "btc-updown-15m-1766301300", "conditionId": "0x4f563c18d100afd42f6a28d91ee7589e04fbce81c1de193ca17a4c2995da9ae5"}
{"timestamp": 1766301818, "side": "BUY", "asset": "1851172792954232555817302831786681355157085454862486234009009527513072196385", "price": 0.32, "size": 19.0, "usdcSize": null, "txHash": "0xc20906403e1c9f8259f23ee473ae3d75212efaef8e71c09f9f492fa89e56003c", "pos_up": 6632.495172, "pos_down": 6739.606274999999, "slug": "btc-updown-15m-1766301300", "conditionId": "0x4f563c18d100afd42f6a28d91ee7589e04fbce81c1de193ca17a4c2995da9ae5"}
{"timestamp": 1766301822, "side": "BUY", "asset": "1851172792954232555817302831786681355157085454862486234009009527513072196385", "price": 0.45, "size": 19.0, "usdcSize": null, "txHash": "0xd545bb07d13e21747747c376278e10b1debc7b3c94ce9c17a2fcfd96a27069fd", "pos_up": 6632.495172, "pos_down": 6758.606274999999, "slug": "btc-updown-15m-1766301300", "conditionId": "0x4f563c18d100afd42f6a28d91ee7589e04fbce81c1de193ca17a4c2995da9ae5"}
{"timestamp": 1766301824, "side": "BUY", "asset": "1851172792954232555817302831786681355157085454862486234009009527513072196385", "price": 0.46, "size": 19.0, "usdcSize": null, "txHash": "0x279703080946e6ad1ee30626bedaf707cc6865f920d8965d8ff209afe94dfe04", "pos_up": 6632.495172, "pos_down": 6777.606274999999, "slug": "btc-updown-15m-1766301300", "conditionId": "0x4f563c18d100afd42f6a28d91ee7589e04fbce81c1de193ca17a4c2995da9ae5"}
{"timestamp": 1766301846, "side": "BUY", "asset": "70510720720071515008177812855613446421589214773789418278246224035630139583585", "price": 0.53, "size": 9.17, "usdcSize": null, "txHash": "0x06f7c2ae7034cda9c4e23b87fc54605160b924db525d8f0eb40fad9a97e7bce8", "pos_up": 6641.665172, "pos_down": 6777.606274999999, "slug": "btc-updown-15m-1766301300", "conditionId": "0x4f563c18d100afd42f6a28d91ee7589e04fbce81c1de193ca17a4c2995da9ae5"}
{"timestamp": 1766301854, "side": "BUY", "asset": "1851172792954232555817302831786681355157085454862486234009009527513072196385", "price": 0.48, "size": 18.0, "usdcSize": null, "txHash": "0xf5a2e8e02ec856619bd30fe1c6d799545f47360da79165cce59b412e059646b4", "pos_up": 6641.665172, "pos_down": 6795.606274999999, "slug": "btc-updown-15m-1766301300", "conditionId": "0x4f563c18d100afd42f6a28d91ee7589e04fbce81c1de193ca17a4c2995da9ae5"}
{"timestamp": 1766301858, "side": "BUY", "asset": "1851172792954232555817302831786681355157085454862486234009009527513072196385", "price": 0.48, "size": 18.0, "usdcSize": null, "txHash": "0x70094f1d0de7f2031e3fa0b7aac1095a06ae6deb411e3554037f7d3e103941b8", "pos_up": 6641.665172, "pos_down": 6813.606274999999, "slug": "btc-updown-15m-1766301300", "conditionId": "0x4f563c18d100afd42f6a28d91ee7589e04fbce81c1de193ca17a4c2995da9ae5"}
{"timestamp": 1766301858, "side": "BUY", "asset": "1851172792954232555817302831786681355157085454862486234009009527513072196385", "price": 0.48, "size": 18.0, "usdcSize": null, "txHash": "0x86ee776de24b1983aaaf4cc9d65a55f705ee6188e010112132bf098f145329fc", "pos_up": 6641.665172, "pos_down": 6831.606274999999, "slug": "btc-updown-15m-1766301300", "conditionId": "0x4f563c18d100afd42f6a28d91ee7589e04fbce81c1de193ca17a4c2995da9ae5"}
{"timestamp": 1766301858, "side": "BUY", "asset": "1851172792954232555817302831786681355157085454862486234009009527513072196385", "price": 0.48, "size": 18.0, "usdcSize": null, "txHash": "0xfb124163a6d95f10c73d7b6098a641cd312ef06c6aba315a8bc0140c585b0922", "pos_up": 6641.665172, "pos_down": 6849.606274999999, "slug": "btc-updown-15m-1766301300", "conditionId": "0x4f563c18d100afd42f6a28d91ee7589e04fbce81c1de193ca17a4c2995da9ae5"}
{"timestamp": 1766301860, "side": "BUY", "asset": "1851172792954232555817302831786681355157085454862486234009009527513072196385", "price": 0.47, "size": 18.0, "usdcSize": null, "txHash": "0xe255bd3dbb7f1f38c21849fc3d0c3fa50e9dc2920344f65907faca823ca2e577", "pos_up": 6641.665172, "pos_down": 6867.606274999999, "slug": "btc-updown-15m-1766301300", "conditionId": "0x4f563c18d100afd42f6a28d91ee7589e04fbce81c1de193ca17a4c2995da9ae5"}
{"timestamp": 1766301866, "side": "BUY", "asset": "70510720720071515008177812855613446421589214773789418278246224035630139583585", "price": 0.55, "size": 1.2, "usdcSize": null, "txHash": "0x642b0a3480d4bd0bc38a12df61ebcb13b430021336efb3e1095231db785ef325", "pos_up": 6642.865172, "pos_down": 6867.606274999999, "slug": "btc-updown-15m-1766301300", "conditionId": "0x4f563c18d100afd42f6a28d91ee7589e04fbce81c1de193ca17a4c2995da9ae5"}
{"timestamp": 1766301866, "side": "BUY", "asset": "70510720720071515008177812855613446421589214773789418278246224035630139583585", "price": 0.55, "size": 18.0, "usdcSize": null, "txHash": "0xce252f551b29c6809e5c0023d926be06f4ab0c382aa23b5a68b9b90fd26c662f", "pos_up": 6660.865172, "pos_down": 6867.606274999999, "slug": "btc-updown-15m-1766301300", "conditionId": "0x4f563c18d100afd42f6a28d91ee7589e04fbce81c1de193ca17a4c2995da9ae5"}
{"timestamp": 1766301876, "side": "BUY", "asset": "1851172792954232555817302831786681355157085454862486234009009527513072196385", "price": 0.44, "size": 18.0, "usdcSize": null, "txHash": "0xcf66825d0f47e29c707aa8ddfba06fb3a59e1d48d10dc95d7b5c02a5121fd507", "pos_up": 6660.865172, "pos_down": 6885.606274999999, "slug": "btc-updown-15m-1766301300", "conditionId": "0x4f563c18d100afd42f6a28d91ee7589e04fbce81c1de193ca17a4c2995da9ae5"}
{"timestamp": 1766301876, "side": "BUY", "asset": "1851172792954232555817302831786681355157085454862486234009009527513072196385", "price": 0.44, "size": 18.0, "usdcSize": null, "txHash": "0x2aea308e9dcf160e6a57f2bebfc48c6d4808981c9379b7da9bbe7e05f3cf0f1f", "pos_up": 6660.865172, "pos_down": 6903.606274999999, "slug": "btc-updown-15m-1766301300", "conditionId": "0x4f563c18d100afd42f6a28d91ee7589e04fbce81c1de193ca17a4c2995da9ae5"}
{"timestamp": 1766301880, "side": "BUY", "asset": "70510720720071515008177812855613446421589214773789418278246224035630139583585", "price": 0.58, "size": 18.0, "usdcSize": null, "txHash": "0x08d2d4c1ef522bb2edfb17fcfb3e5fb6f0d3207810dcd2afb5efecb43d81983e", "pos_up": 6678.865172, "pos_down": 6903.606274999999, "slug": "btc-updown-15m-1766301300", "conditionId": "0x4f563c18d100afd42f6a28d91ee7589e04fbce81c1de193ca17a4c2995da9ae5"}
{"timestamp": 1766301880, "side": "BUY", "asset": "70510720720071515008177812855613446421589214773789418278246224035630139583585", "price": 0.58, "size": 18.0, "usdcSize": null, "txHash": "0x6455f7078cb7adfda6a4ec77b1f14f480fa95818b8dd32b931bd2ff1f107d31a", "pos_up": 6696.865172, "pos_down": 6903.606274999999, "slug": "btc-updown-15m-1766301300", "conditionId": "0x4f563c18d100afd42f6a28d91ee7589e04fbce81c1de193ca17a4c2995da9ae5"}
{"timestamp": 1766301880, "side": "BUY", "asset": "70510720720071515008177812855613446421589214773789418278246224035630139583585", "price": 0.58, "size": 18.0, "usdcSize": null, "txHash": "0x693a4ce9f3f1a21f807986e46237b215900897a926908d54937649ad1b0756da", "pos_up": 6714.865172, "pos_down": 6903.606274999999, "slug": "btc-updown-15m-1766301300", "conditionId": "0x4f563c18d100afd42f6a28d91ee7589e04fbce81c1de193ca17a4c2995da9ae5"}
{"timestamp": 1766301880, "side": "BUY", "asset": "70510720720071515008177812855613446421589214773789418278246224035630139583585", "price": 0.58, "size": 18.0, "usdcSize": null, "txHash": "0x74a9d8a2aae3f2f922717414de44a9f5789246a517c465f71fc31b5edafd1291", "pos_up": 6732.865172, "pos_down": 6903.606274999999, "slug": "btc-updown-15m-1766301300", "conditionId": "0x4f563c18d100afd42f6a28d91ee7589e04fbce81c1de193ca17a4c2995da9ae5"}
{"timestamp": 1766301886, "side": "BUY", "asset": "70510720720071515008177812855613446421589214773789418278246224035630139583585", "price": 0.6, "size": 5.0, "usdcSize": null, "txHash": "0xfea61d24e2991595d64e141a5a0a7c4fb93220a922b1e13a20b9b3307646c3ca", "pos_up": 6737.865172, "pos_down": 6903.606274999999, "slug": "btc-updown-15m-1766301300", "conditionId": "0x4f563c18d100afd42f6a28d91ee7589e04fbce81c1de193ca17a4c2995da9ae5"}
{"timestamp": 1766301886, "side": "BUY", "asset": "70510720720071515008177812855613446421589214773789418278246224035630139583585", "price": 0.6, "size": 5.2, "usdcSize": null, "txHash": "0xfcfebd5682d2f3324e0dcf53652b3829709f5925bc4223dacd5e08d3d36fbcde", "pos_up": 6743.065172, "pos_down": 6903.606274999999, "slug": "btc-updown-15m-1766301300", "conditionId": "0x4f563c18d100afd42f6a28d91ee7589e04fbce81c1de193ca17a4c2995da9ae5"}
{"timestamp": 1766301892, "side": "BUY", "asset": "70510720720071515008177812855613446421589214773789418278246224035630139583585", "price": 0.65, "size": 5.0, "usdcSize": null, "txHash": "0xb8298da7a77b6be9b39bee37465c3d66c270467c05fb9d8f97c686221829d490", "pos_up": 6748.065172, "pos_down": 6903.606274999999, "slug": "btc-updown-15m-1766301300", "conditionId": "0x4f563c18d100afd42f6a28d91ee7589e04fbce81c1de193ca17a4c2995da9ae5"}
{"timestamp": 1766301892, "side": "BUY", "asset": "70510720720071515008177812855613446421589214773789418278246224035630139583585", "price": 0.65, "size": 18.0, "usdcSize": null, "txHash": "0x5b5be048a3e0e3d5a77d3ebbb9e151aad6ed7d07768d4f46c9150fff201ca9a4", "pos_up": 6766.065172, "pos_down": 6903.606274999999, "slug": "btc-updown-15m-1766301300", "conditionId": "0x4f563c18d100afd42f6a28d91ee7589e04fbce81c1de193ca17a4c2995da9ae5"}
{"timestamp": 1766301892, "side": "BUY", "asset": "70510720720071515008177812855613446421589214773789418278246224035630139583585", "price": 0.65, "size": 18.0, "usdcSize": null, "txHash": "0x1b221edd4daf119fb173c17a57d5e007277ee2d1a544ec283b4b17fddb96aeda", "pos_up": 6784.065172, "pos_down": 6903.606274999999, "slug": "btc-updown-15m-1766301300", "conditionId": "0x4f563c18d100afd42f6a28d91ee7589e04fbce81c1de193ca17a4c2995da9ae5"}
{"timestamp": 1766301892, "side": "BUY", "asset": "70510720720071515008177812855613446421589214773789418278246224035630139583585", "price": 0.65, "size": 18.0, "usdcSize": null, "txHash": "0x6cb849f35610f1337b8f16517ce65ef4f9d8d894c1f9c94b9d0ad7d2454ab0d7", "pos_up": 6802.065172, "pos_down": 6903.606274999999, "slug": "btc-updown-15m-1766301300", "conditionId": "0x4f563c18d100afd42f6a28d91ee7589e04fbce81c1de193ca17a4c2995da9ae5"}
{"timestamp": 1766301892, "side": "BUY", "asset": "70510720720071515008177812855613446421589214773789418278246224035630139583585", "price": 0.65, "size": 5.0, "usdcSize": null, "txHash": "0x0f911e16b57b02fee6d0755fb55c84288ea7e9793d7e93f4a319cbf26551b37e", "pos_up": 6807.065172, "pos_down": 6903.606274999999, "slug": "btc-updown-15m-1766301300", "conditionId": "0x4f563c18d100afd42f6a28d91ee7589e04fbce81c1de193ca17a4c2995da9ae5"}
{"timestamp": 1766301896, "side": "BUY", "asset": "70510720720071515008177812855613446421589214773789418278246224035630139583585", "price": 0.59, "size": 5.0, "usdcSize": null, "txHash": "0x4310838270c438671cffe14fe42d754d34e93ef08d2ea810658696fc3e3b7944", "pos_up": 6812.065172, "pos_down": 6903.606274999999, "slug": "btc-updown-15m-1766301300", "conditionId": "0x4f563c18d100afd42f6a28d91ee7589e04fbce81c1de193ca17a4c2995da9ae5"}
{"timestamp": 1766301896, "side": "BUY", "asset": "70510720720071515008177812855613446421589214773789418278246224035630139583585", "price": 0.59, "size": 5.0, "usdcSize": null, "txHash": "0x62a7c297cadf51bf76bd7b031f7822f6be854d12a79c3619e05df2666d233051", "pos_up": 6817.065172, "pos_down": 6903.606274999999, "slug": "btc-updown-15m-1766301300", "conditionId": "0x4f563c18d100afd42f6a28d91ee7589e04fbce81c1de193ca17a4c2995da9ae5"}
{"timestamp": 1766301896, "side": "BUY", "asset": "70510720720071515008177812855613446421589214773789418278246224035630139583585", "price": 0.59, "size": 18.0, "usdcSize": null, "txHash": "0xffcb01f0b1f9b874758ffd10a3504f3b9fa69b34225eb81ca39b6f466f7524f5", "pos_up": 6835.065172, "pos_down": 6903.606274999999, "slug": "btc-updown-15m-1766301300", "conditionId": "0x4f563c18d100afd42f6a28d91ee7589e04fbce81c1de193ca17a4c2995da9ae5"}
{"timestamp": 1766301900, "side": "BUY", "asset": "1851172792954232555817302831786681355157085454862486234009009527513072196385", "price": 0.4, "size": 15.0, "usdcSize": null, "txHash": "0x2e511110bd82e9fa8bcea85ab44e0d6f39be871c92a07b58a742e363aa27280b", "pos_up": 6835.065172, "pos_down": 6918.606274999999, "slug": "btc-updown-15m-1766301300", "conditionId": "0x4f563c18d100afd42f6a28d91ee7589e04fbce81c1de193ca17a4c2995da9ae5"}
{"timestamp": 1766301902, "side": "BUY", "asset": "1851172792954232555817302831786681355157085454862486234009009527513072196385", "price": 0.4, "size": 8.0, "usdcSize": null, "txHash": "0x050e34ca0c77e92ffa9204bfc2b22a3080aba015f34fbb42e21304e9441e96b1", "pos_up": 6835.065172, "pos_down": 6926.606274999999, "slug": "btc-updown-15m-1766301300", "conditionId": "0x4f563c18d100afd42f6a28d91ee7589e04fbce81c1de193ca17a4c2995da9ae5"}
{"timestamp": 1766301902, "side": "BUY", "asset": "1851172792954232555817302831786681355157085454862486234009009527513072196385", "price": 0.4, "size": 18.0, "usdcSize": null, "txHash": "0x593af93c8d094ca2a3d3e869359b88e337d7bad57e0ebc797381516b813e42e5", "pos_up": 6835.065172, "pos_down": 6944.606274999999, "slug": "btc-updown-15m-1766301300", "conditionId": "0x4f563c18d100afd42f6a28d91ee7589e04fbce81c1de193ca17a4c2995da9ae5"}
{"timestamp": 1766301918, "side": "BUY", "asset": "70510720720071515008177812855613446421589214773789418278246224035630139583585", "price": 0.58, "size": 17.0, "usdcSize": null, "txHash": "0xa520ceb30863220400206939179136ae894649c9a09d90eefb1db777d2757a22", "pos_up": 6852.065172, "pos_down": 6944.606274999999, "slug": "btc-updown-15m-1766301300", "conditionId": "0x4f563c18d100afd42f6a28d91ee7589e04fbce81c1de193ca17a4c2995da9ae5"}
{"timestamp": 1766301918, "side": "BUY", "asset": "70510720720071515008177812855613446421589214773789418278246224035630139583585", "price": 0.58, "size": 17.0, "usdcSize": null, "txHash": "0x90cef9c1775c6b40ff226f82c16855f7128f770f88a0a43742cc615a8857b720", "pos_up": 6869.065172, "pos_down": 6944.606274999999, "slug": "btc-updown-15m-1766301300", "conditionId": "0x4f563c18d100afd42f6a28d91ee7589e04fbce81c1de193ca17a4c2995da9ae5"}
{"timestamp": 1766301918, "side": "BUY", "asset": "70510720720071515008177812855613446421589214773789418278246224035630139583585", "price": 0.58, "size": 17.0, "usdcSize": null, "txHash": "0xb9706dcb2a902f2197a2ee9586f6d852b94c867638c06b9345f6a6823aa681ce", "pos_up": 6886.065172, "pos_down": 6944.606274999999, "slug": "btc-updown-15m-1766301300", "conditionId": "0x4f563c18d100afd42f6a28d91ee7589e04fbce81c1de193ca17a4c2995da9ae5"}
{"timestamp": 1766301926, "side": "BUY", "asset": "70510720720071515008177812855613446421589214773789418278246224035630139583585", "price": 0.56, "size": 8.0, "usdcSize": null, "txHash": "0x2546bf1e90a0fa60fa83a07ec51f103d8fccd33b1c6301a69450e1d546e73390", "pos_up": 6894.065172, "pos_down": 6944.606274999999, "slug": "btc-updown-15m-1766301300", "conditionId": "0x4f563c18d100afd42f6a28d91ee7589e04fbce81c1de193ca17a4c2995da9ae5"}
{"timestamp": 1766301930, "side": "BUY", "asset": "70510720720071515008177812855613446421589214773789418278246224035630139583585", "price": 0.55, "size": 17.0, "usdcSize": null, "txHash": "0x9c7c6e9d207790fa12e4072f79b069439a484eabb7084265e8f60c7d4a4faef4", "pos_up": 6911.065172, "pos_down": 6944.606274999999, "slug": "btc-updown-15m-1766301300", "conditionId": "0x4f563c18d100afd42f6a28d91ee7589e04fbce81c1de193ca17a4c2995da9ae5"}
